<record xmlns="http://www.loc.gov/MARC21/slim" xmlns:xsi="http://www.w3.org/2001/XMLSchema-instance" xsi:schemaLocation="http://www.loc.gov/MARC21/slim http://www.loc.gov/standards/marcxml/schema/MARC21slim.xsd">

  <leader>00543nam a2200169Ia 4500</leader>
  <controlfield tag="008">150715b1987    us ||||| |||| 00| | eng d</controlfield>
  <datafield ind1=" " tag="020" ind2=" ">
    <subfield code="a">0801301289</subfield>
  </datafield>
  <datafield ind2=" " tag="090" ind1=" ">
    <subfield code="a">06.02.01 </subfield>
    <subfield code="b">1922</subfield>
  </datafield>
  <datafield ind1="1" tag="100" ind2=" ">
    <subfield code="a">Worten, Blaine R.</subfield>
    <subfield code="9">307</subfield>
  </datafield>
  <datafield ind2="0" ind1="1" tag="245">
    <subfield code="a">Educational evaluation: alternative approaches and practical guidelines / </subfield>
    <subfield code="c">Blaine R. Worten, Sanders James R.</subfield>
  </datafield>
  <datafield tag="260" ind1=" " ind2=" ">
    <subfield code="a">New York  : </subfield>
    <subfield code="b">Longman, </subfield>
    <subfield code="c">1987</subfield>
  </datafield>
  <datafield ind1=" " tag="300" ind2=" ">
    <subfield code="a">450 páginas</subfield>
  </datafield>
  <datafield tag="650" ind1="1" ind2="4">
    <subfield code="a">EDUCACIÓN</subfield>
    <subfield code="9">1</subfield>
  </datafield>
  <datafield tag="650" ind1="1" ind2="4">
    <subfield code="a">EVALUACIÓN DE LA EDUCACIÓN</subfield>
    <subfield code="9">308</subfield>
  </datafield>
  <datafield ind2=" " tag="700" ind1="1">
    <subfield code="9">309</subfield>
    <subfield code="a">Sanders, James R.</subfield>
  </datafield>
  <datafield ind2=" " tag="942" ind1=" ">
    <subfield code="2">z</subfield>
    <subfield code="c">01</subfield>
  </datafield>
  <datafield ind2=" " ind1=" " tag="999">
    <subfield code="c">31</subfield>
    <subfield code="d">31</subfield>
  </datafield>
</record>